@article{Korobkin:2012uy,
    author = "Korobkin, O. and Rosswog, S. and Arcones, A. and Winteler, C.",
    title = "{On the astrophysical robustness of neutron star merger r-process}",
    eprint = "1206.2379",
    archivePrefix = "arXiv",
    primaryClass = "astro-ph.SR",
    doi = "10.1111/j.1365-2966.2012.21859.x",
    journal = "Mon. Not. Roy. Astron. Soc.",
    volume = "426",
    pages = "1940",
    year = "2012"
}